<record><leader>00000cas a22000007a 4500</leader><controlfield tag="001">11682373</controlfield><controlfield tag="008">850211d19712012txuwr ne      0   a0eng  </controlfield><datafield ind1=" " ind2=" " tag="010"><subfield code="a">sn 85000575 </subfield></datafield><datafield ind1=" " ind2=" " tag="040"><subfield code="a">DLC</subfield><subfield code="b">eng</subfield><subfield code="c">NSD</subfield><subfield code="d">PPM</subfield><subfield code="d">NSD</subfield><subfield code="d">OCLCQ</subfield><subfield code="d">DLC</subfield></datafield><datafield ind1=" " ind2=" " tag="012"><subfield code="j">0</subfield><subfield code="m">d</subfield></datafield><datafield ind1="1" ind2=" " tag="022"><subfield code="a">8750-6750</subfield><subfield code="l">8750-6750</subfield><subfield code="2">1</subfield></datafield><datafield ind1=" " ind2=" " tag="037"><subfield code="b">The Munday Courier, P.O. Box 130, Munday, Tex. 76371</subfield></datafield><datafield ind1=" " ind2=" " tag="042"><subfield code="a">nsdp</subfield></datafield><datafield ind1=" " ind2="4" tag="222"><subfield code="a">The Munday courier</subfield></datafield><datafield ind1="0" ind2="4" tag="245"><subfield code="a">The Munday courier.</subfield></datafield><datafield ind1=" " ind2=" " tag="260"><subfield code="a">Munday, Tex. :</subfield><subfield code="b">Aaron Edger,</subfield><subfield code="c">1971-</subfield></datafield><datafield ind1=" " ind2=" " tag="300"><subfield code="a">v.</subfield></datafield><datafield ind1=" " ind2=" " tag="310"><subfield code="a">Fifty one issues a year</subfield></datafield><datafield ind1="0" ind2=" " tag="362"><subfield code="a">Vol. 1, no. 1 (Oct. 19, 1971)-</subfield></datafield><datafield ind1="1" ind2=" " tag="362"><subfield code="a">Ceased in 2012.</subfield></datafield><datafield ind1=" " ind2=" " tag="500"><subfield code="a">Publisher: Marion Waggoner &lt;1984&gt;</subfield></datafield><datafield ind1=" " ind2=" " tag="752"><subfield code="a">United States</subfield><subfield code="b">Texas</subfield><subfield code="c">Knox</subfield><subfield code="d">Munday.</subfield></datafield><datafield ind1="0" ind2="0" tag="785"><subfield code="t">Knox County news-courier</subfield><subfield code="x">2325-8276</subfield><subfield code="w">(DLC)  2012273833</subfield><subfield code="w">(OCoLC)821076310</subfield></datafield><datafield ind1=" " ind2=" " tag="936"><subfield code="a">Dec. 20, 1985</subfield></datafield></record>